@article{banjanovic2017neural,
  title={Neural network-based data-driven modelling of anomaly detection in thermal power plant},
  author={Banjanovic-Mehmedovic, Lejla and Hajdarevic, Amel and Kantardzic, Mehmed and Mehmedovic, Fahrudin and Dzananovic, Izet},
  journal={Automatika},
  volume={58},
  number={1},
  pages={69--79},
  year={2017},
  publisher={Taylor \& Francis}
}

@ARTICLE{2017arXiv170601953Z,
   author = {{Zanin}, M. and {Romance}, M. and {Moral}, S. and {Criado}, R.
	},
    title = "{Credit card fraud detection through parenclitic network analysis}",
  journal = {ArXiv e-prints},
archivePrefix = "arXiv",
   eprint = {1706.01953},
 keywords = {Computer Science - Social and Information Networks, Physics - Physics and Society},
     year = 2017,
    month = may,
   adsurl = {http://adsabs.harvard.edu/abs/2017arXiv170601953Z},
  adsnote = {Provided by the SAO/NASA Astrophysics Data System}
}

@article{chouiekh2018convnets,
  title={ConvNets for Fraud Detection analysis},
  author={Chouiekh, Alae and Haj, EL Hassane Ibn EL},
  journal={Procedia Computer Science},
  volume={127},
  pages={133--138},
  year={2018},
  publisher={Elsevier}
}

@incollection{taboada2009anomaly,
  title={Anomaly Detection in Medical Image Analysis},
  author={Taboada-Crispi, Alberto and Sahli, Hichem and Hernandez-Pacheco, Denis and Falcon-Ruiz, Alexander},
  booktitle={Handbook of Research on Advanced Techniques in Diagnostic Imaging and Biomedical Applications},
  pages={426--446},
  year={2009},
  publisher={IGI Global}
}





@article{csahin2011detecting,
  title={Detecting credit card fraud by decision trees and support vector machines},
  author={{\c{S}}ahin, Yusuf G and Duman, Ekrem},
  year={2011},
  publisher={Newswood Limited}
}
@article{chandola2009anomaly,
  title={Anomaly detection: A survey},
  author={Chandola, Varun and Banerjee, Arindam and Kumar, Vipin},
  journal={ACM computing surveys (CSUR)},
  volume={41},
  number={3},
  pages={15},
  year={2009},
  publisher={ACM}
}


@inproceedings{awoyemi2017credit,
  title={Credit card fraud detection using machine learning techniques: A comparative analysis},
  author={Awoyemi, John O and Adetunmbi, Adebayo O and Oluwadare, Samuel A},
  booktitle={Computing Networking and Informatics (ICCNI), 2017 International Conference on},
  pages={1--9},
  year={2017},
  organization={IEEE}
}

@article{haykin2004comprehensive,
  title={A comprehensive foundation},
  author={Haykin, Simon and Network, Neural},
  journal={Neural networks},
  volume={2},
  number={2004},
  pages={41},
  year={2004}
}

@book{brownlee2016master,
  title={Master Machine Learning Algorithms: discover how they work and implement them from scratch},
  author={Brownlee, Jason},
  year={2016},
  publisher={Jason Brownlee}
}
@book{friedman2001elements,
  title={The elements of statistical learning},
  author={Friedman, Jerome and Hastie, Trevor and Tibshirani, Robert},
  volume={1},
  number={10},
  year={2001},
  publisher={Springer series in statistics New York, NY, USA:}
}

@article{hodge2004survey,
  title={A survey of outlier detection methodologies},
  author={Hodge, Victoria and Austin, Jim},
  journal={Artificial intelligence review},
  volume={22},
  number={2},
  pages={85--126},
  year={2004},
  publisher={Springer}
}

@book{aggarwal2014data,
  title={Data classification: algorithms and applications},
  author={Aggarwal, Charu C},
  year={2014},
  publisher={CRC Press}
}
@book{kelleher2015fundamentals,
  title={Fundamentals of machine learning for predictive data analytics: algorithms, worked examples, and case studies},
  author={Kelleher, John D and Mac Namee, Brian and D'Arcy, Aoife},
  year={2015},
  publisher={MIT Press}
}


@misc{alpaydin2010introduction,
  title={Introduction to Machine Learning/Ethem Alpaydin},
  author={Alpaydin, E},
  year={2010},
  publisher={Cambridge, MA: The MIT Press}
}

@book{bonaccorso2017machine,
  title={Machine Learning Algorithms},
  author={Bonaccorso, Giuseppe},
  year={2017},
  publisher={Packt Publishing Ltd}
}




@article{qi1993nonsmooth,
  title={A nonsmooth version of Newton's method},
  author={Qi, Liqun and Sun, Jie},
  journal={Mathematical programming},
  volume={58},
  number={1-3},
  pages={353--367},
  year={1993},
  publisher={Springer}
}
@article{suthaharan2016machine,
  title={Machine learning models and algorithms for big data classification},
  author={Suthaharan, Shan},
  journal={Integr. Ser. Inf. Syst},
  volume={36},
  pages={1--12},
  year={2016},
  publisher={Springer}
}
@book{japkowicz2011evaluating,
  title={Evaluating learning algorithms: a classification perspective},
  author={Japkowicz, Nathalie and Shah, Mohak},
  year={2011},
  publisher={Cambridge University Press}
}


@inproceedings{davis2006relationship,
  title={The relationship between Precision-Recall and ROC curves},
  author={Davis, Jesse and Goadrich, Mark},
  booktitle={Proceedings of the 23rd international conference on Machine learning},
  pages={233--240},
  year={2006},
  organization={ACM}
}





@inproceedings{maxime2018,
  title={Machine Learning in Fuel Consumption:A Prediction Approach in Power Generation Plants},
  author={G.M. Nguegnang , M. Garuti, M. Atemkeng, T. Ansah-Narh, J. Mulongo},
  year={2018},
  organization={AIMS}
}


















@incollection{wheeler2000multiple,
  title={Multiple algorithms for fraud detection},
  author={Wheeler, Richard and Aitken, Stuart},
  booktitle={Applications and Innovations in Intelligent Systems VII},
  pages={219--231},
  year={2000},
  publisher={Springer}
}

@article{bhattacharyya2011data,
  title={Data mining for credit card fraud: A comparative study},
  author={Bhattacharyya, Siddhartha and Jha, Sanjeev and Tharakunnel, Kurian and Westland, J Christopher},
  journal={Decision Support Systems},
  volume={50},
  number={3},
  pages={602--613},
  year={2011},
  publisher={Elsevier}
}


@inproceedings{maes2002credit,
  title={Credit card fraud detection using Bayesian and neural networks},
  author={Maes, Sam and Tuyls, Karl and Vanschoenwinkel, Bram and Manderick, Bernard},
  booktitle={Proceedings of the 1st international naiso congress on neuro fuzzy technologies},
  pages={261--270},
  year={2002}
}

@inproceedings{shen2007application,
  title={Application of classification models on credit card fraud detection},
  author={Shen, Aihua and Tong, Rencheng and Deng, Yaochen},
  booktitle={Service Systems and Service Management, 2007 International Conference on},
  pages={1--4},
  year={2007},
  organization={IEEE}
}


@article{bolton2001unsupervised,
  title={Unsupervised profiling methods for fraud detection},
  author={Bolton, Richard J and Hand, David J and others},
  journal={Credit Scoring and Credit Control VII},
  pages={235--255},
  year={2001},
  publisher={Citeseer}
}



@inproceedings{van2007experimental,
  title={Experimental perspectives on learning from imbalanced data},
  author={Van Hulse, Jason and Khoshgoftaar, Taghi M and Napolitano, Amri},
  booktitle={Proceedings of the 24th international conference on Machine learning},
  pages={935--942},
  year={2007},
  organization={ACM}
}

























